%% This BibTeX bibliography file was created using BibDesk.
%% https://bibdesk.sourceforge.io/

%% Created for Ulrich Groh at 2023-02-02 12:07:36 +0100 


%% Saved with string encoding Unicode (UTF-8) 


@comment{jabref-meta: databaseType:biblatex;}



@manual{enumitem,
	author = {Bezos L{\'o}pez, Javier},
	date = {2019},
	date-added = {2023-02-02 12:07:31 +0100},
	date-modified = {2023-02-02 12:07:31 +0100},
	title = {The Enumitem package},
	url = {https://ctan.org/pkg/enumitem},
	urldate = {2021-07-26},
	bdsk-url-1 = {https://ctan.org/pkg/enumitem}}

@book{heuser:2005,
	author = {Heuser, Harro},
	date-modified = {2023-01-03 12:49:43 +0100},
	publisher = {Verlag Herder},
	title = {Der Physiker Gottes -- Isaac Newton oder Die Revolution des Denkens},
	year = {2005}}

@artice{einstein:1923,
	author = {Einstein, Albert},
	pages = {81--124},
	publisher = {Springer},
	title = {Die Grundlage der allgemeinen Relativit{\"a}tstheorie},
	year = {1923}}

@url{AlphaGo,
	author = {{Steven Borowiec, Tracey Lien}},
	date-modified = {2023-01-03 09:37:15 +0100},
	language = {english},
	title = {AlphaGo beats human Go champ in milestone for artificial intelligence},
	url = {https://www.latimes.com/world/asia/la-fg-korea-alphago-20160312-story.html},
	urldate = {2022-10-15},
	year = {2016},
	bdsk-url-1 = {https://www.latimes.com/world/asia/la-fg-korea-alphago-20160312-story.html}}

@book{Alsina2013,
	address = {Wiesbaden},
	author = {Alsina, Claudi AND Nelsen, Roger B.},
	date-modified = {2023-01-02 14:09:38 +0100},
	isbn = {978-3-642-34792-4},
	publisher = {Springer},
	title = {Bezaubernde Beweise -- Eine Reise durch die Eleganz der Mathematik},
	year = {2013}}
